@article{kunsch1989jackknife,
  title={The jackknife and the bootstrap for general stationary observations},
  author={Kunsch, Hans R},
  journal={The annals of Statistics},
  pages={1217--1241},
  year={1989},
  publisher={JSTOR}
}